@ARTICLE{WebVision,
       author = {{Li}, Wen and {Wang}, Limin and {Li}, Wei and {Agustsson}, Eirikur and
         {Van Gool}, Luc},
        title = "{WebVision Database: Visual Learning and Understanding from Web Data}",
      journal = {arXiv e-prints},
     keywords = {Computer Science - Computer Vision and Pattern Recognition},
         year = 2017,
        month = aug,
          eid = {arXiv:1708.02862},
        pages = {arXiv:1708.02862},
archivePrefix = {arXiv},
       eprint = {1708.02862},
 primaryClass = {cs.CV},
       adsurl = {https://ui.adsabs.harvard.edu/abs/2017arXiv170802862L},
      adsnote = {Provided by the SAO/NASA Astrophysics Data System}
}

@ARTICLE{ReedEarly,
       author = {{Reed}, Scott and {Lee}, Honglak and {Anguelov}, Dragomir and
         {Szegedy}, Christian and {Erhan}, Dumitru and {Rabinovich}, Andrew},
        title = "{Training Deep Neural Networks on Noisy Labels with Bootstrapping}",
      journal = {arXiv e-prints},
     keywords = {Computer Science - Computer Vision and Pattern Recognition, Computer Science - Machine Learning, Computer Science - Neural and Evolutionary Computing},
         year = 2014,
        month = dec,
          eid = {arXiv:1412.6596},
        pages = {arXiv:1412.6596},
archivePrefix = {arXiv},
       eprint = {1412.6596},
 primaryClass = {cs.CV},
       adsurl = {https://ui.adsabs.harvard.edu/abs/2014arXiv1412.6596R},
      adsnote = {Provided by the SAO/NASA Astrophysics Data System}
}

@ARTICLE{RolnickRobust,
       author = {{Rolnick}, David and {Veit}, Andreas and {Belongie}, Serge and
         {Shavit}, Nir},
        title = "{Deep Learning is Robust to Massive Label Noise}",
      journal = {arXiv e-prints},
     keywords = {Computer Science - Machine Learning, Computer Science - Artificial Intelligence, Computer Science - Computer Vision and Pattern Recognition, Computer Science - Neural and Evolutionary Computing},
         year = 2017,
        month = may,
          eid = {arXiv:1705.10694},
        pages = {arXiv:1705.10694},
archivePrefix = {arXiv},
       eprint = {1705.10694},
 primaryClass = {cs.LG},
       adsurl = {https://ui.adsabs.harvard.edu/abs/2017arXiv170510694R},
      adsnote = {Provided by the SAO/NASA Astrophysics Data System}
}

@ARTICLE{SELF,
       author = {{Tam Nguyen}, Duc and {Mummadi}, Chaithanya Kumar and
         {Phuong Nhung Ngo}, Thi and {Hoai Phuong Nguyen}, Thi and
         {Beggel}, Laura and {Brox}, Thomas},
        title = "{SELF: Learning to Filter Noisy Labels with Self-Ensembling}",
      journal = {arXiv e-prints},
     keywords = {Computer Science - Computer Vision and Pattern Recognition, Computer Science - Machine Learning, Statistics - Machine Learning},
         year = 2019,
        month = oct,
          eid = {arXiv:1910.01842},
        pages = {arXiv:1910.01842},
archivePrefix = {arXiv},
       eprint = {1910.01842},
 primaryClass = {cs.CV},
       adsurl = {https://ui.adsabs.harvard.edu/abs/2019arXiv191001842T},
      adsnote = {Provided by the SAO/NASA Astrophysics Data System}
}

@ARTICLE{DivideMix,
       author = {{Li}, Junnan and {Socher}, Richard and {Hoi}, Steven C.~H.},
        title = "{DivideMix: Learning with Noisy Labels as Semi-supervised Learning}",
      journal = {arXiv e-prints},
     keywords = {Computer Science - Computer Vision and Pattern Recognition},
         year = 2020,
        month = feb,
          eid = {arXiv:2002.07394},
        pages = {arXiv:2002.07394},
archivePrefix = {arXiv},
       eprint = {2002.07394},
 primaryClass = {cs.CV},
       adsurl = {https://ui.adsabs.harvard.edu/abs/2020arXiv200207394L},
      adsnote = {Provided by the SAO/NASA Astrophysics Data System}
}

@ARTICLE{MixMatch,
       author = {{Berthelot}, David and {Carlini}, Nicholas and {Goodfellow}, Ian and
         {Papernot}, Nicolas and {Oliver}, Avital and {Raffel}, Colin},
        title = "{MixMatch: A Holistic Approach to Semi-Supervised Learning}",
      journal = {arXiv e-prints},
     keywords = {Computer Science - Machine Learning, Computer Science - Artificial Intelligence, Computer Science - Computer Vision and Pattern Recognition, Statistics - Machine Learning},
         year = 2019,
        month = may,
          eid = {arXiv:1905.02249},
        pages = {arXiv:1905.02249},
archivePrefix = {arXiv},
       eprint = {1905.02249},
 primaryClass = {cs.LG},
       adsurl = {https://ui.adsabs.harvard.edu/abs/2019arXiv190502249B},
      adsnote = {Provided by the SAO/NASA Astrophysics Data System}
}

@ARTICLE{OpenSetPaper,
       author = {{Wang}, Yisen and {Liu}, Weiyang and {Ma}, Xingjun and {Bailey}, James and
         {Zha}, Hongyuan and {Song}, Le and {Xia}, Shu-Tao},
        title = "{Iterative Learning with Open-set Noisy Labels}",
      journal = {arXiv e-prints},
     keywords = {Computer Science - Computer Vision and Pattern Recognition},
         year = 2018,
        month = mar,
          eid = {arXiv:1804.00092},
        pages = {arXiv:1804.00092},
archivePrefix = {arXiv},
       eprint = {1804.00092},
 primaryClass = {cs.CV},
       adsurl = {https://ui.adsabs.harvard.edu/abs/2018arXiv180400092W},
      adsnote = {Provided by the SAO/NASA Astrophysics Data System}
}

@article{DLReview,
author = {LeCun, Yann and Bengio, Y. and Hinton, Geoffrey},
year = {2015},
month = {05},
pages = {436-44},
title = {Deep Learning},
volume = {521},
journal = {Nature},
doi = {10.1038/nature14539}
}

@misc{sl,
    title={Evidential Deep Learning to Quantify Classification Uncertainty},
    author={Murat Sensoy and Lance Kaplan and Melih Kandemir},
    year={2018},
    eprint={1806.01768},
    archivePrefix={arXiv},
    primaryClass={cs.LG}
}

@misc{ResNet18,
    title={Identity Mappings in Deep Residual Networks},
    author={Kaiming He and Xiangyu Zhang and Shaoqing Ren and Jian Sun},
    year={2016},
    eprint={1603.05027},
    archivePrefix={arXiv},
    primaryClass={cs.CV}
}

@article{NPILD,
  author    = {Zhirong Wu and
               Yuanjun Xiong and
               Stella Yu and
               Dahua Lin},
  title     = {Unsupervised Feature Learning via Non-Parametric Instance-level Discrimination},
  journal   = {CoRR},
  volume    = {abs/1805.01978},
  year      = {2018},
  url       = {http://arxiv.org/abs/1805.01978},
  archivePrefix = {arXiv},
  eprint    = {1805.01978},
  timestamp = {Mon, 13 Aug 2018 16:47:30 +0200},
  biburl    = {https://dblp.org/rec/journals/corr/abs-1805-01978.bib},
  bibsource = {dblp computer science bibliography, https://dblp.org}
}

@article{CPC,
  author    = {A{\"{a}}ron van den Oord and
               Yazhe Li and
               Oriol Vinyals},
  title     = {Representation Learning with Contrastive Predictive Coding},
  journal   = {CoRR},
  volume    = {abs/1807.03748},
  year      = {2018},
  url       = {http://arxiv.org/abs/1807.03748},
  archivePrefix = {arXiv},
  eprint    = {1807.03748},
  timestamp = {Mon, 13 Aug 2018 16:48:25 +0200},
  biburl    = {https://dblp.org/rec/journals/corr/abs-1807-03748.bib},
  bibsource = {dblp computer science bibliography, https://dblp.org}
}

@ARTICLE{MIEM,
       author = {{Devon Hjelm}, R and {Fedorov}, Alex and {Lavoie-Marchildon}, Samuel and
         {Grewal}, Karan and {Bachman}, Phil and {Trischler}, Adam and
         {Bengio}, Yoshua},
        title = "{Learning deep representations by mutual information estimation and maximization}",
      journal = {arXiv e-prints},
     keywords = {Statistics - Machine Learning, Computer Science - Machine Learning},
         year = 2018,
        month = aug,
          eid = {arXiv:1808.06670},
        pages = {arXiv:1808.06670},
archivePrefix = {arXiv},
       eprint = {1808.06670},
 primaryClass = {stat.ML},
       adsurl = {https://ui.adsabs.harvard.edu/abs/2018arXiv180806670D},
      adsnote = {Provided by the SAO/NASA Astrophysics Data System}
}

@ARTICLE{LocalAgg,
       author = {{Zhuang}, Chengxu and {Zhai}, Alex Lin and {Yamins}, Daniel},
        title = "{Local Aggregation for Unsupervised Learning of Visual Embeddings}",
      journal = {arXiv e-prints},
     keywords = {Computer Science - Computer Vision and Pattern Recognition, Computer Science - Artificial Intelligence},
         year = 2019,
        month = mar,
          eid = {arXiv:1903.12355},
        pages = {arXiv:1903.12355},
archivePrefix = {arXiv},
       eprint = {1903.12355},
 primaryClass = {cs.CV},
       adsurl = {https://ui.adsabs.harvard.edu/abs/2019arXiv190312355Z},
      adsnote = {Provided by the SAO/NASA Astrophysics Data System}
}

@ARTICLE{DECPC,
       author = {{H{\'e}naff}, Olivier J. and {Srinivas}, Aravind and {De Fauw}, Jeffrey and
         {Razavi}, Ali and {Doersch}, Carl and {Eslami}, S.~M. Ali and
         {van den Oord}, Aaron},
        title = "{Data-Efficient Image Recognition with Contrastive Predictive Coding}",
      journal = {arXiv e-prints},
     keywords = {Computer Science - Computer Vision and Pattern Recognition, Computer Science - Machine Learning},
         year = 2019,
        month = may,
          eid = {arXiv:1905.09272},
        pages = {arXiv:1905.09272},
archivePrefix = {arXiv},
       eprint = {1905.09272},
 primaryClass = {cs.CV},
       adsurl = {https://ui.adsabs.harvard.edu/abs/2019arXiv190509272H},
      adsnote = {Provided by the SAO/NASA Astrophysics Data System}
}

@ARTICLE{CMC,
       author = {{Tian}, Yonglong and {Krishnan}, Dilip and {Isola}, Phillip},
        title = "{Contrastive Multiview Coding}",
      journal = {arXiv e-prints},
     keywords = {Computer Science - Computer Vision and Pattern Recognition, Computer Science - Machine Learning},
         year = 2019,
        month = jun,
          eid = {arXiv:1906.05849},
        pages = {arXiv:1906.05849},
archivePrefix = {arXiv},
       eprint = {1906.05849},
 primaryClass = {cs.CV},
       adsurl = {https://ui.adsabs.harvard.edu/abs/2019arXiv190605849T},
      adsnote = {Provided by the SAO/NASA Astrophysics Data System}
}

@ARTICLE{MMIAC,
       author = {{Bachman}, Philip and {Devon Hjelm}, R and {Buchwalter}, William},
        title = "{Learning Representations by Maximizing Mutual Information Across Views}",
      journal = {arXiv e-prints},
     keywords = {Computer Science - Machine Learning, Statistics - Machine Learning},
         year = 2019,
        month = jun,
          eid = {arXiv:1906.00910},
        pages = {arXiv:1906.00910},
archivePrefix = {arXiv},
       eprint = {1906.00910},
 primaryClass = {cs.LG},
       adsurl = {https://ui.adsabs.harvard.edu/abs/2019arXiv190600910B},
      adsnote = {Provided by the SAO/NASA Astrophysics Data System}
}

@inproceedings{contrastiveloss,
author = {Hadsell, Raia and Chopra, Sumit and Lecun, Yann},
year = {2006},
month = {02},
pages = {1735 - 1742},
title = {Dimensionality Reduction by Learning an Invariant Mapping},
isbn = {0-7695-2597-0},
doi = {10.1109/CVPR.2006.100}
}

@ARTICLE{MoCo,
       author = {{He}, Kaiming and {Fan}, Haoqi and {Wu}, Yuxin and {Xie}, Saining and
         {Girshick}, Ross},
        title = "{Momentum Contrast for Unsupervised Visual Representation Learning}",
      journal = {arXiv e-prints},
     keywords = {Computer Science - Computer Vision and Pattern Recognition},
         year = 2019,
        month = nov,
          eid = {arXiv:1911.05722},
        pages = {arXiv:1911.05722},
archivePrefix = {arXiv},
       eprint = {1911.05722},
 primaryClass = {cs.CV},
       adsurl = {https://ui.adsabs.harvard.edu/abs/2019arXiv191105722H},
      adsnote = {Provided by the SAO/NASA Astrophysics Data System}
}

@ARTICLE{SimCLR,
       author = {{Chen}, Ting and {Kornblith}, Simon and {Norouzi}, Mohammad and
         {Hinton}, Geoffrey},
        title = "{A Simple Framework for Contrastive Learning of Visual Representations}",
      journal = {arXiv e-prints},
     keywords = {Computer Science - Machine Learning, Computer Science - Computer Vision and Pattern Recognition, Statistics - Machine Learning},
         year = 2020,
        month = feb,
          eid = {arXiv:2002.05709},
        pages = {arXiv:2002.05709},
archivePrefix = {arXiv},
       eprint = {2002.05709},
 primaryClass = {cs.LG},
       adsurl = {https://ui.adsabs.harvard.edu/abs/2020arXiv200205709C},
      adsnote = {Provided by the SAO/NASA Astrophysics Data System}
}

@ARTICLE{MoCoV2,
       author = {{Chen}, Xinlei and {Fan}, Haoqi and {Girshick}, Ross and {He}, Kaiming},
        title = "{Improved Baselines with Momentum Contrastive Learning}",
      journal = {arXiv e-prints},
     keywords = {Computer Science - Computer Vision and Pattern Recognition},
         year = 2020,
        month = mar,
          eid = {arXiv:2003.04297},
        pages = {arXiv:2003.04297},
archivePrefix = {arXiv},
       eprint = {2003.04297},
 primaryClass = {cs.CV},
       adsurl = {https://ui.adsabs.harvard.edu/abs/2020arXiv200304297C},
      adsnote = {Provided by the SAO/NASA Astrophysics Data System}
}

@ARTICLE{UncertAwareAI,
       author = {{Kaplan}, Lance and {Cerutti}, Federico and {Sensoy}, Murat and
         {Preece}, Alun and {Sullivan}, Paul},
        title = "{Uncertainty Aware AI ML: Why and How}",
      journal = {arXiv e-prints},
     keywords = {Computer Science - Artificial Intelligence},
         year = 2018,
        month = sep,
          eid = {arXiv:1809.07882},
        pages = {arXiv:1809.07882},
archivePrefix = {arXiv},
       eprint = {1809.07882},
 primaryClass = {cs.AI},
       adsurl = {https://ui.adsabs.harvard.edu/abs/2018arXiv180907882K},
      adsnote = {Provided by the SAO/NASA Astrophysics Data System}
}

@inproceedings{patrini2017making,
  title={Making deep neural networks robust to label noise: A loss correction approach},
  author={Patrini, Giorgio and Rozza, Alessandro and Krishna Menon, Aditya and Nock, Richard and Qu, Lizhen},
  booktitle={Proceedings of the IEEE Conference on Computer Vision and Pattern Recognition},
  pages={1944--1952},
  year={2017}
}

@article{goldberger2016training,
  title={Training deep neural-networks using a noise adaptation layer},
  author={Goldberger, Jacob and Ben-Reuven, Ehud},
  booktitle={Proceedings of the International Conference on Learning Representation},
  year={2017}
}

@article{zhang2017mixup,
  title={mixup: Beyond empirical risk minimization},
  author={Zhang, Hongyi and Cisse, Moustapha and Dauphin, Yann N and Lopez-Paz, David},
  journal={arXiv preprint arXiv:1710.09412},
  year={2017}
}

@article{ren2018learning,
  title={Learning to reweight examples for robust deep learning},
  author={Ren, Mengye and Zeng, Wenyuan and Yang, Bin and Urtasun, Raquel},
  journal={arXiv preprint arXiv:1803.09050},
  year={2018}
}

@inproceedings{li2019learning,
  title={Learning to learn from noisy labeled data},
  author={Li, Junnan and Wong, Yongkang and Zhao, Qi and Kankanhalli, Mohan S},
  booktitle={Proceedings of the IEEE Conference on Computer Vision and Pattern Recognition},
  pages={5051--5059},
  year={2019}
}

@inproceedings{jiang2018mentornet,
  title={Mentornet: Learning data-driven curriculum for very deep neural networks on corrupted labels},
  author={Jiang, Lu and Zhou, Zhengyuan and Leung, Thomas and Li, Li-Jia and Fei-Fei, Li},
  booktitle={International Conference on Machine Learning},
  pages={2304--2313},
  year={2018}
}

@inproceedings{malach2017decoupling,
  title={Decoupling" when to update" from" how to update"},
  author={Malach, Eran and Shalev-Shwartz, Shai},
  booktitle={Advances in Neural Information Processing Systems},
  pages={960--970},
  year={2017}
}
@article{yu2019does,
  title={How does disagreement help generalization against label corruption?},
  author={Yu, Xingrui and Han, Bo and Yao, Jiangchao and Niu, Gang and Tsang, Ivor W and Sugiyama, Masashi},
  journal={arXiv preprint arXiv:1901.04215},
  year={2019}
}

@inproceedings{kim2019nlnl,
  title={Nlnl: Negative learning for noisy labels},
  author={Kim, Youngdong and Yim, Junho and Yun, Juseung and Kim, Junmo},
  booktitle={Proceedings of the IEEE International Conference on Computer Vision},
  pages={101--110},
  year={2019}
}

@inproceedings{tarvainen2017mean,
  title={Mean teachers are better role models: Weight-averaged consistency targets improve semi-supervised deep learning results},
  author={Tarvainen, Antti and Valpola, Harri},
  booktitle={Advances in neural information processing systems},
  pages={1195--1204},
  year={2017}
}

@inproceedings{gal2016dropout,
  title={Dropout as a bayesian approximation: Representing model uncertainty in deep learning},
  author={Gal, Yarin and Ghahramani, Zoubin},
  booktitle={international conference on machine learning},
  pages={1050--1059},
  year={2016}
}

@article{krizhevsky2009learning,
  title={Learning multiple layers of features from tiny images},
  author={Krizhevsky, Alex and Hinton, Geoffrey and others},
  year={2009},
  publisher={Citeseer}
}

@article{chrabaszcz2017downsampled,
  title={A downsampled variant of imagenet as an alternative to the cifar datasets},
  author={Chrabaszcz, Patryk and Loshchilov, Ilya and Hutter, Frank},
  journal={arXiv preprint arXiv:1707.08819},
  year={2017}
}

@inproceedings{deng2009imagenet,
  title={Imagenet: A large-scale hierarchical image database},
  author={Deng, Jia and Dong, Wei and Socher, Richard and Li, Li-Jia and Li, Kai and Fei-Fei, Li},
  booktitle={2009 IEEE conference on computer vision and pattern recognition},
  pages={248--255},
  year={2009},
  organization={Ieee}
}

@inproceedings{he2016identity,
  title={Identity mappings in deep residual networks},
  author={He, Kaiming and Zhang, Xiangyu and Ren, Shaoqing and Sun, Jian},
  booktitle={European conference on computer vision},
  pages={630--645},
  year={2016},
  organization={Springer}
}

@inproceedings{kriegel2009loop,
  title={LoOP: local outlier probabilities},
  author={Kriegel, Hans-Peter and Kr{\"o}ger, Peer and Schubert, Erich and Zimek, Arthur},
  booktitle={Proceedings of the 18th ACM conference on Information and knowledge management},
  pages={1649--1652},
  year={2009}
}

@article{zhang2016understanding,
  title={Understanding deep learning requires rethinking generalization},
  author={Zhang, Chiyuan and Bengio, Samy and Hardt, Moritz and Recht, Benjamin and Vinyals, Oriol},
  journal={arXiv preprint arXiv:1611.03530},
  year={2016}
}

@article{lee2019robust,
  title={Robust inference via generative classifiers for handling noisy labels},
  author={Lee, Kimin and Yun, Sukmin and Lee, Kibok and Lee, Honglak and Li, Bo and Shin, Jinwoo},
  journal={arXiv preprint arXiv:1901.11300},
  year={2019}
}

@article{maaten2008visualizing,
  title={Visualizing data using t-SNE},
  author={Maaten, Laurens van der and Hinton, Geoffrey},
  journal={Journal of machine learning research},
  volume={9},
  number={Nov},
  pages={2579--2605},
  year={2008}
}