@ARTICLE{arxiv,
       author = {{Wang}, Yisen and {Liu}, Weiyang and {Ma}, Xingjun and {Bailey}, James and {Zha}, Hongyuan and {Song}, Le and {Xia}, Shu-Tao},
        title = "{Iterative Learning with Open-set Noisy Labels}",
      journal = {arXiv e-prints},
}